% This file was created with JabRef 2.10.
% Encoding: UTF-8


@Article{Mokbel2017,
  Title                    = {Numerical Simulation of Real-Time Deformability Cytometry To Extract Cell Mechanical Properties},
  Author                   = {Mokbel, M. and Mokbel, D. and Mietke, A. and Tr√§ber, N. and Girardo, S. and Otto, O. and Guck, J. and Aland, S.},
  Journal                  = {{ACS} Biomaterials Science {\&} Engineering},
  Year                     = {2017},

  Month                    = {jan},
  Number                   = {11},
  Pages                    = {2962--2973},
  Volume                   = {3},

  Doi                      = {10.1021/acsbiomaterials.6b00558},
  Publisher                = {American Chemical Society ({ACS})}
}

